
@inproceedings{Zhang2010,
 author = {Zhang, Zhuoyao and Phan, Linh T. X. and Tan, Godfrey and Jain, Saumya and Duong, Harrison and Loo, Boon Thau and Lee, Insup},
 title = {On the feasibility of dynamic rescheduling on the Intel Distributed Computing Platform},
 booktitle = {Proc.\ 11th Intl.\ Middleware Conference Industrial track},
 year = {2010},
 isbn = {978-1-4503-0456-6},
 location = {Bangalore, India},
 pages = {4--10},
 numpages = {7},
 url = {http://doi.acm.org/10.1145/1891719.1891720},
 doi = {10.1145/1891719.1891720},
 acmid = {1891720},
 publisher = {ACM},
 address = {New York, NY, USA},
 keywords = {cloud resource management, distributed computing, dynamic rescheduling, trace-driven analysis},
} 


@ARTICLE{Xiao02dynamiccluster,
    author = {Li Xiao and Songqing Chen and Xiaodong Zhang},
    title = {Dynamic Cluster Resource Allocations for Jobs with Known and Unknown Memory Demands},
    journal = {IEEE Trans.\ Parallel and Distributed Systems},
    year = {2002},
    volume = {13},
    number = {3},
    month = {Mar},
    pages = {223--240}
}

@InProceedings{bentley01,
  Author = "Bob Bentley",
  Title = "Validating the {Intel}\textregistered\ {Pentium}\textregistered\ 4 Microprocessor",
  BookTitle = "38th Design Automation Conf.",
  Year = "2001",
  Pages = "244--248",
  Month = "Jun",
  DOI = "10.1145/378239.378473",
  Subjects = "arch",
  Keywords = "Pentium 4 microprocessor, formal verification, netbatch",
  LastUpdate = "Tue Feb 12 2013."
}

@Book{evans03:book,
  author = 	 {Nicholas D. Evans},
  title = 	 {Business Inovation and Disruptive Technology: Harnessing the Power of Breakthrough Technoloy ...for Competitive Advantage},
  publisher = 	 {Financial Times Prentice Hall},
  year = 	 2003
}

@Article{amir00,
  Author = "Yair Amir and Baruch Awerbuch and Amnon Barak and R. Sean Borgstrom and Arie Keren",
  Title = "An Opportunity Cost Approach for Job Assignment in a Scalable Computing Cluster",
  Journal = {IEEE Trans.\ Parallel and Distributed Systems},
  Year = "2000",
  Volume = "11",
  Number = "7",
  Pages = "760--768",
  Month = "Jul",
  Subjects = "par os",
  Keywords = "load balancing, migration, load estimation, multiple resource",
  Annote = "Combine load information regarding multiple resources by
    measuring the fraction of the capacity that is used for each
    one. This allows the lowest-cost machine to be chosen for
    placement or migration decisions.",
  LastUpdate = "Fri Nov 17 2000."
}

@InCollection{weinberg06,
  Author = "Jonathan Weinberg and Allan Snavely",
  Title = "Symbiotic Space-Sharing on {SDSC}'s {DataStar} System",
  BookTitle = "Job Scheduling Strategies for Parallel Processing",
  Publisher = "Springer Verlag",
  Year = "2006",
  Editor = "Eitan Frachtenberg and Uwe Schwiegelshohn",
  Pages = "192--209",
  Note = "Lect.\ Notes Comput.\ Sci.\ vol.\ 4376",
  DOI = "10.1007/978-3-540-71035-6\_10",
  LastUpdate = "Thu Dec  6 2012."
}

@InProceedings{snavely00,
  Author = "Allan Snavely and Dean M. Tullsen",
  Title = "Symbiotic Jobscheduling for a Simultaneous Multithreading Processor",
  BookTitle = "9th Intl.\ Conf.\ Architect.\ Support for Prog.\ Lang.\ \& Operating Syst.",
  Year = "2000",
  Pages = "234--244",
  Month = "Nov",
  Subjects = "par os",
  Keywords = "SMT, job scheduling",
  Annote = "Use sampling to find jobs that run well together.",
  LastUpdate = "Wed Mar 13 2002."
}

@InProceedings{eyerman10,
  Author = "Stijn Eyerman and Lieven Eeckhout",
  Title = "Probabilistic Job Symbiosis Modeling for {SMT} Processor Scheduling",
  BookTitle = "15th Intl.\ Conf.\ Architect.\ Support for Prog.\ Lang.\ \& Operating Syst.",
  Year = "2010",
  Pages = "91--102",
  Month = "Mar",
  DOI = "10.1145/1736020.1736033",
  Subjects = "os",
  Keywords = "SMT, symbiotic scheduling",
  Annote = "Finding threads that complement each other by online monitoring rather than
    using sample runs before the actual run.",
  LastUpdate = "Tue Aug 31 2010."
}

@InProceedings{talby05,
  Author = "David Talby and Dror G. Feitelson",
  Title = "Improving and Stabilizing Parallel Computer Performance Using Adaptive Backfilling",
  BookTitle = "19th Intl.\ Parallel \& Distributed Processing Symp.",
  Year = "2005",
  Month = "Apr",
  DOI = "10.1109/IPDPS.2005.252",
  Subjects = "par os",
  Keywords = "adaptive scheduling",
  Annote = "Simulate the behavior of several schedulers (specifically, variants of
    backfilling) in the background, and periodically switch to the one that
    gives the best performance results. One of the results is that it is better
    to use only few candidates, because even a relatively weak scheduler occasionally
    wins but then typically fails to deliver in the next period.",
  LastUpdate = "Wed Mar 19 2008."
}
@INPROCEEDINGS{mishra11, 
author={Mishra, M. and Sahoo, A.}, 
booktitle={IEEE Intl.\ Conf.\ Cloud Computing},
title={On Theory of {VM} Placement: Anomalies in Existing Methodologies and Their Mitigation Using a Novel Vector Based Approach}, 
year={2011}, 
pages={275-282}, 
keywords={computer centres;resource allocation;vectors;virtual machines;data center environment;load balancing;mathematical model;resource management;server consolidation;vector arithmetic;virtual machine placement;Estimation;Load management;Measurement;Memory management;Resource management;Servers;Shape;VM Load Balancing;VM Placement;VM consolidation;Vector Based VM Placement}, 
doi={10.1109/CLOUD.2011.38}, 
ISSN={2159-6182},}

@INPROCEEDINGS{singh08, 
author={Singh, A. and Korupolu, M. and Mohapatra, D.}, 
booktitle={SC 2008: High Performance Computing, Networking, Storage and Analysis},
title={Server-storage virtualization: Integration and load balancing in data centers}, 
year={2008}, 
pages={1-12}, 
keywords={computer centres;file servers;resource allocation;storage area networks;Brocade switches;Cisco;IBM SAN Volume Controller;VMware ESX servers;VectorDot;agile data center;cloud computing architectures;load balancing algorithm;multidimensional knapsacks;multidimensional resource constraints;server-storage virtualization;storage virtualization technologies;Application virtualization;Computer applications;Load management;Network servers;Resource management;Resource virtualization;Storage area networks;Switches;Virtual machining;Voice mail}, 
doi={10.1109/SC.2008.5222625}
}

@Misc{simba,
  author = 	 {Ohad Shai},
  title = 	 {Batch Simulator (simba)},
  howpublished = {Open source project hosted at: http://code.google.com/p/batch-simulator},
  year = 	 2012
}


@TechReport{sangmin,
  author = 	 {Sangmin Lee and Rina Panigrahy and Vijayan Prabhakaran and Venugopalan Ramasubramanian and Kunal Talwar and Lincoln Uyeda and Udi Wieder},
  title = 	 {Validating Heuristics for Virtual Machines Consolidation},
  institution =  {Microsoft Research},
  year = 	 2011,
  number = 	 {MSR-TR-2011-9},
  month = 	 {Jan}
}

@TechReport{panigrahy11,
  author = 	 {Rina Panigrahy and Kunal Talwar and Lincoln Uyeda and Udi Wieder},
  title = 	 {Heuristics for Vector Bin Packing},
  institution =  {Microsoft Research},
  year = 	 {2011},
  howpublished = 	 {http://research.microsoft.com/apps/pubs/default.aspx?id=147927},
}
@Misc{parallel13,
  title = 	 {The Parallel Workloads Archive -- Netbatch traces},
  howpublished = 	 {http://www.cs.huji.ac.il/labs/parallel/workload/l\_intel\_netbatch/index.html},
  year = 2013
}
@ARTICLE{Shmueli05backfillingwith,
    author = "Edi Shmueli and Dror G. Feitelson",
    title = "Backfilling with Lookahead to Optimize the Packing of Parallel Jobs",
    journal = "Journal of parallel and distributed computing",
    year = "2005",
    volume = "65",
    pages = "1090--1107"
}

@INPROCEEDINGS{Deng1305Protfolio,
AUTHOR="Kefeng Deng and Ruben Verboon and Kaijun Ren and Alexandru Iosup",
TITLE="A Periodic Portfolio Scheduler for Scientic Computing in the Data Center",
BOOKTITLE="17th Workshop on Job Scheduling Strategies for Parallel Processing (JSSPP 2013)",
ADDRESS="Boston, USA",
DAYS=24,
MONTH=may,
YEAR=2013
}
@INPROCEEDINGS{Tang2010, 
author={Wei Tang and Desai, N.\ and Buettner, D.\ and Zhiling Lan}, 
booktitle={Parallel Distributed Processing (IPDPS), 2010 IEEE International Symposium on}, 
title={Analyzing and adjusting user runtime estimates to improve job scheduling on the Blue Gene/P}, 
year={2010}, 
month={April}, 
pages={1--11}, 
keywords={estimation theory;scheduling;Blue Gene/P system;backfilling;job runtime;job scheduling;short-job-first;user runtime estimates;Computer science;Delay;Dynamic scheduling;Laboratories;Large-scale systems;Mathematics;Out of order;Processor scheduling;Runtime;System performance;Blue Gene;job scheduling;runtime estimates}, 
doi={10.1109/IPDPS.2010.5470474}, 
ISSN={1530-2075},}

@incollection{yomtov2008,
year={2008},
isbn={978-3-540-78698-6},
booktitle={Job Scheduling Strategies for Parallel Processing},
volume={4942},
series={Lecture Notes in Computer Science},
editor={Frachtenberg, Eitan and Schwiegelshohn, Uwe},
doi={10.1007/978-3-540-78699-3\_10},
title={A Self-optimized Job Scheduler for Heterogeneous Server Clusters},
url={http://dx.doi.org/10.1007/978-3-540-78699-3\_10},
publisher={Springer Berlin Heidelberg},
author={Yom--Tov, Elad and Aridor, Yariv},
pages={169--187}
}

@incollection{Srinivasan2002,
year={2002},
isbn={978-3-540-00172-0},
booktitle={Job Scheduling Strategies for Parallel Processing},
volume={2537},
series={Lecture Notes in Computer Science},
editor={Feitelson, DrorG.\ and Rudolph, Larry and Schwiegelshohn, Uwe},
doi={10.1007/3-540-36180-4_4},
title={Selective Reservation Strategies for Backfill Job Scheduling},
url={http://dx.doi.org/10.1007/3-540-36180-4_4},
publisher={Springer Berlin Heidelberg},
author={Srinivasan, Srividya and Kettimuthu, Rajkumar and Subramani, Vijay and Sadayappan, Ponnuswamy},
pages={55--71},
language={English}
}


